@inproceedings{Newcombe2011KinectFusion,
  title={KinectFusion: Real-Time Dense Surface Mapping and Tracking},
  author={Newcombe, Richard A. and Izadi, Shahram and Hilliges, Otmar and Molyneaux, David and Fitzgibbon, Andrew W.},
  booktitle={10th IEEE International Symposium on Mixed and Augmented Reality, ISMAR 2011, Basel, Switzerland, October 26-29, 2011},
  year={2011},
}

@inproceedings{Whelan2015Robotics,
  title={Robotics: Science and Systems Rome, Italy, July - , ElasticFusion: Dense SLAM Without A Pose Graph},
  author={Whelan, Thomas and Leutenegger, Stefan and Salas-Moreno†, Renato F. and Glocker†, Ben and Davison, Andrew J.},
  booktitle={Robotics: Science \& Systems},
  year={2015},
}